|0000|LECD|01072009|31072009|ESTABELECIMENTO TESTE DIÁRIO GERAL|00910509000171|SP|5350546531180|3550308|111111||
|0001|0|
|0007|PR|1100002511|
|0150|5-OS2328-PFJ004|PFJ 004|00105|61064911000177||00000000000|SP|535054653118||3550308|1122|00SUFRAMA|
|0180|04|15022004||
|0150|5-OS2328-PFJ005|PFJ 005|00105|||00000000000|SP|||3550308|1122|000000000|
|0180|09|15022004||
|0990|8|
|I001|1|
|I010|0||
|I030|TERMO DE ABERTURA|||000000035||00000000000|||||||
|I990|4|
|J001|1|
|J900|TERMO DE ENCERRAMENTO||||000000035|||
|J990|3|
|9001|1|
|9900|0000|1|
|9900|0001|1|
|9900|0007|1|
|9900|0150|2|
|9900|0180|2|
|9900|0990|1|
|9900|I001|1|
|9900|I010|1|
|9900|I030|1|
|9900|I990|1|
|9900|J001|1|
|9900|J900|1|
|9900|J990|1|
|9900|9001|1|
|9900|9900|17|
|9900|9990|1|
|9900|9999|1|
|9990|20|
|9999|35|
