|0000|LECD|01072009|31072009|ESTABELECIMENTO TESTE DIÁRIO GERAL|00910509000171|SP|5350546531180|3550308|111111||
|0001|0|
|0990|3|
|I001|0|
|I010|G|1.00|
|I030|TERMO DE ABERTURA|100|DIARIO GERAL|000000044|ESTABELECIMENTO TESTE DIÁRIO GERAL|35300095618|00910509000171|01012000|20062000|SAO PAULO|||
|I050|01012004|01|S|1|2328A||ATIVO|
|I050|01012004|01|S|2|2328.2|2328A|ATIVO - ESTOQUES|
|I050|01012004|01|A|3|2328.2.0001|2328.2|ESTOQUES - MATERIA-PRIMA|
|I051|1||1.01.03.01.00|
|I075|232801|COMPRA DE INSUMOS - NF. No.|
|I150|01012006|31012006|
|I155|2328.2.0001||0,00|D|5000,00|5000,00|0,00|D|
|I200|101|11112021|5000,00|N|
|I250|2328.2.0001||5000,00|C|111|232801|COMPRA DE INSUMOS - NF. No. 1001|5-OS2328-PFJ004|
|I250|2328.2.0001||5000,00|D|111|232801|COMPRA DE INSUMOS - NF. No. 1001|5-OS2328-PFJ004|
|I990|14|
|J001|1|
|J900|TERMO DE ENCERRAMENTO||||000000044|||
|J990|3|
|9001|1|
|9900|0000|1|
|9900|0001|1|
|9900|0990|1|
|9900|I001|1|
|9900|I010|1|
|9900|I030|1|
|9900|I050|3|
|9900|I051|1|
|9900|I075|1|
|9900|I150|1|
|9900|I155|1|
|9900|I200|1|
|9900|I250|2|
|9900|I990|1|
|9900|J001|1|
|9900|J900|1|
|9900|J990|1|
|9900|9001|1|
|9900|9900|21|
|9900|9990|1|
|9900|9999|1|
|9990|24|
|9999|44|
