|0000|LECD|01072009|31072009|ESTABELECIMENTO TESTE DIÁRIO GERAL|00910509000171|SP|5350546531180|3550308|111111||
|0001|0|
|0990|3|
|I001|0|
|I010|G|1.00|
|I030|TERMO DE ABERTURA|100|DIARIO GERAL|000000036|ESTABELECIMENTO TESTE DIÁRIO GERAL|35300095618|00910509000171|01012000|20062000|SAO PAULO|||
|I990|4|
|J001|0|
|J005|01012006|31012006|1||
|J100|1|1|1||1,00|0|
|J005|01022006|28022006|2||
|J100|2|2|2||2,00|0|
|J900|TERMO DE ENCERRAMENTO|100|DIÁRIO GERAL|ESTABELECIMENTO TESTE DIÁRIO GERAL|000000036|01012006|31012006|
|J930|Representante Contador|57287228815|Contador|900|1SP10734108|
|J930|Representante Legal da Empresa XYZ|00908442700|Diretor|203||
|J990|9|
|9001|1|
|9900|0000|1|
|9900|0001|1|
|9900|0990|1|
|9900|I001|1|
|9900|I010|1|
|9900|I030|1|
|9900|I990|1|
|9900|J001|1|
|9900|J005|2|
|9900|J100|2|
|9900|J900|1|
|9900|J930|2|
|9900|J990|1|
|9900|9001|1|
|9900|9900|17|
|9900|9990|1|
|9900|9999|1|
|9990|20|
|9999|36|
